@book{广西壮族自治区林业厅1993广西自然保护区,
	language = {zh},
	title={广西自然保护区},
	author={广西壮族自治区林业厅},
	publisher={广西自然保护区},
	address={广西},
	year={1993},
}

@online{CNNIC202249,
	language = {zh},
	author = {中国互联网络信息中心（CNNIC）},
	title =  {第49次《中国互联网络发展状况统计报告》},
	type =   {Web Page},
	url =    {http://www.cnnic.cn/hlwfzyj/hlwxzbg/hlwtjbg/202202/P020220407403488048001.pdf},
	year =   {2022}
}


@article{林耘森箫2019基于,
	language = {zh},
	title={基于P4的可编程数据平面研究及其应用},
	author={林耘森箫 and 毕军 and 周禹 and 张程 and 吴建平 and 刘争争 and 张乙然},
	journal={计算机学报},
	volume={42},
	number={11},
	pages={22},
	year={2019},
}

@inproceedings{du2016overview,
	title={Overview of deep learning},
	author={Du, Xuedan and Cai, Yinghao and Wang, Shuo and Zhang, Leijie},
	booktitle={Proceedings of 2016 31st Youth Academic Annual Conference of Chinese Association of Automation (YAC)},
	pages={159--164},
	year={2016},
	organization={IEEE},
	address={Wuhan, China}
}

@patent{2018SYSTEMS,
	title={SYSTEMS AND METHODS FOR INTERCONNECTING DIES},
	author={ Dabral, S.  and  Zhai, Z. },
	date={2018},
}

@masterthesis{陈俊2020基于,
	language = {zh},
	title={基于 YOLOv3 算法的目标检测研究与实现},
	author={陈俊},
	year={2020},
	address={成都},
	school={电子科技大学}
}